@article{Ali_2024,
 title={A novel solution to optimal power flow problems using composite differential evolution integrating effective constrained handling techniques}, 
 volume={14}, 
 DOI={10.1038/s41598-024-56590-5}, 
 number={1}, 
 journal={Scientific Reports}, 
 author={Ali, Aamir and Hassan, Ali and Keerio, M. U. and Mugheri, Noor H. and Abbas, Ghulam and Hatatah, Mohammed and Touti, Ezzeddine and Yousef, Amr}, 
 year={2024}} 

@ARTICLE{5982115,
  author={Lavorato, Marina and Franco, John F. and Rider, Marcos J. and Romero, Rub√©n},
  journal={IEEE Transactions on Power Systems}, 
  title={Imposing Radiality Constraints in Distribution System Optimization Problems}, 
  year={2012},
  volume={27},
  number={1},
  pages={172-180},
  keywords={Substations;Digital signal processing;Mathematical model;Topology;Optimization;Planning;Reactive power;Distribution system optimization;distribution system planning;distribution system reconfiguration;mixed integer nonlinear programming;radiality constraint of the electrical distribution system},
  doi={10.1109/TPWRS.2011.2161349}}
